
@MISC{aws,
  title        = "Apa itu Docker?",
  author       = "AWS Team",
  abstract     = "Apa itu Docker?",
  publisher    = "Amazon Web Service",
  year         =  2020,
  howpublished = "\url{https://aws.amazon.com/id/docker/}",
  note         = "Accessed: 2022-2-4"
}

@MISC{dewaweb,
  title        = "Apa itu Docker?",
  author       = "Amelia Shinta",
  abstract     = "Apa itu Docker? Definisi, Fungsi, dan Cara Kerjanya",
  publisher    = "Amazon Web Service",
  month        =  "1~" # dec,
  year         =  2021,
  howpublished = "\url{https://www.dewaweb.com/blog/apa-itu-docker/ }",
  note         = "Accessed: 2022-2-4"
}
% The entry below contains non-ASCII chars that could not be converted
% to a LaTeX equivalent.
